<record><leader>00000cas a2200000 a 4500</leader><controlfield tag="001">16637710</controlfield><controlfield tag="008">870903d17881790ctuwr ne      0    0eng  </controlfield><datafield ind1=" " ind2=" " tag="010"><subfield code="a">sn 87062333 </subfield></datafield><datafield ind1=" " ind2=" " tag="040"><subfield code="a">DLC</subfield><subfield code="b">eng</subfield><subfield code="c">DLC</subfield><subfield code="d">KNP</subfield><subfield code="d">CNW</subfield><subfield code="d">MGN</subfield><subfield code="d">FUG</subfield><subfield code="d">OCL</subfield><subfield code="d">CVF</subfield><subfield code="d">DLC</subfield><subfield code="d">NYS</subfield><subfield code="d">DLC</subfield><subfield code="d">OCLCQ</subfield><subfield code="d">OCLCF</subfield></datafield><datafield ind1=" " ind2=" " tag="042"><subfield code="a">pcc</subfield></datafield><datafield ind1=" " ind2=" " tag="043"><subfield code="a">n-us-ct</subfield></datafield><datafield ind1="0" ind2="0" tag="050"><subfield code="a">Newspaper</subfield></datafield><datafield ind1="0" ind2=" " tag="130"><subfield code="a">Weekly monitor (Litchfield, Conn. : 1788)</subfield></datafield><datafield ind1="1" ind2="4" tag="245"><subfield code="a">The weekly monitor.</subfield></datafield><datafield ind1="1" ind2=" " tag="246"><subfield code="i">Issues for Apr. 27, 1789-June 8, 1789 published as:</subfield><subfield code="a">Weekly monitor and the Litchfield advertiser</subfield></datafield><datafield ind1="3" ind2="0" tag="246"><subfield code="a">Monitor</subfield></datafield><datafield ind1=" " ind2=" " tag="260"><subfield code="a">Litchfield [Conn.] :</subfield><subfield code="b">T. Collier,</subfield><subfield code="c">1788-1790.</subfield></datafield><datafield ind1=" " ind2=" " tag="300"><subfield code="a">2 v.</subfield></datafield><datafield ind1=" " ind2=" " tag="310"><subfield code="a">Weekly</subfield></datafield><datafield ind1="0" ind2=" " tag="362"><subfield code="a">Vol. 4, no. 181 (June 30, 1788)-v. 5, no. 283 (Nov. 29, 1790).</subfield></datafield><datafield ind1=" " ind2=" " tag="500"><subfield code="a">Printed by: Thomas Collier, Jan.-Sept. 8, 1788; Collier and Adam, Sept. 15, 1788-&lt;June 1, 1789&gt;; Thomas Collier, &lt;Nov. 24, 1789&gt;.</subfield></datafield><datafield ind1="4" ind2=" " tag="510"><subfield code="a">Brigham, C.S. Early American newspapers</subfield><subfield code="c">p. 31</subfield></datafield><datafield ind1=" " ind2=" " tag="530"><subfield code="a">Also issued in microform from Readex Microprint Corp.</subfield></datafield><datafield ind1=" " ind2="0" tag="651"><subfield code="a">Litchfield (Conn.)</subfield><subfield code="v">Newspapers.</subfield></datafield><datafield ind1=" " ind2="0" tag="651"><subfield code="a">Litchfield County (Conn.)</subfield><subfield code="v">Newspapers.</subfield></datafield><datafield ind1=" " ind2="7" tag="655"><subfield code="a">Newspapers.</subfield><subfield code="2">fast</subfield><subfield code="0">(OCoLC)fst01423814</subfield></datafield><datafield ind1=" " ind2="7" tag="651"><subfield code="a">Connecticut</subfield><subfield code="z">Litchfield.</subfield><subfield code="2">fast</subfield><subfield code="0">(OCoLC)fst01224866</subfield></datafield><datafield ind1=" " ind2="7" tag="651"><subfield code="a">Connecticut</subfield><subfield code="z">Litchfield County.</subfield><subfield code="2">fast</subfield><subfield code="0">(OCoLC)fst01211989</subfield></datafield><datafield ind1=" " ind2=" " tag="752"><subfield code="a">United States</subfield><subfield code="b">Connecticut</subfield><subfield code="c">Litchfield</subfield><subfield code="d">Litchfield.</subfield></datafield><datafield ind1="0" ind2="0" tag="780"><subfield code="t">Litchfield weekly monitor</subfield><subfield code="w">(DLC)sn 87062332</subfield><subfield code="w">(OCoLC)16637566</subfield></datafield><datafield ind1="0" ind2="0" tag="785"><subfield code="t">Litchfield-County monitor</subfield><subfield code="w">(DLC)sn 87062334</subfield><subfield code="w">(OCoLC)16637886</subfield></datafield></record>